<?xml version="1.0" encoding="UTF-8"?><collection xmlns="http://www.loc.gov/MARC21/slim"><record><leader>00575nam--2200205-u-4500</leader><controlfield tag="001">000052614</controlfield><controlfield tag="002">20161230</controlfield><controlfield tag="005">20161230201050</controlfield><controlfield tag="008">100924s1000------------r-----000-0-eng-d</controlfield><datafield ind1=" " ind2=" " tag="020"><subfield code="a">0849337852</subfield></datafield><datafield ind1=" " ind2=" " tag="040"><subfield code="a">IFIN-HH</subfield></datafield><datafield ind1=" " ind2=" " tag="080"><subfield code="a">(666.1:666..3):535.1</subfield></datafield><datafield ind1="1" ind2=" " tag="100"><subfield code="a">Kokorina, Valentina F</subfield></datafield><datafield ind1="1" ind2=" " tag="245"><subfield code="a">Glasses for Infrared Optics</subfield><subfield code="c">Valentina F. Kokorina</subfield></datafield><datafield ind1=" " ind2=" " tag="260"><subfield code="a">Boca Raton</subfield><subfield code="b">CRC Press</subfield><subfield code="c">1996</subfield></datafield><datafield ind1=" " ind2=" " tag="300"><subfield code="a">236 p</subfield></datafield><datafield ind1=" " ind2=" " tag="490"><subfield code="a">Laser and Optical Science and Technology Series</subfield></datafield><datafield ind1=" " ind2="4" tag="650"><subfield code="a">Chalcogenides</subfield></datafield><datafield ind1=" " ind2=" " tag="852"><subfield code="a">82294</subfield><subfield code="c">666.1:666.3</subfield></datafield><datafield ind1=" " ind2=" " tag="CAT"><subfield code="a">Sys</subfield><subfield code="c">20100924</subfield><subfield code="h">084945</subfield></datafield></record></collection>